@inproceedings{zhang:2004,
  author    = {Zhengyou Zhang and Li-wei He},
  booktitle = {2004 IEEE International Conference on Acoustics, Speech, and Signal Processing},
  title     = {Note-taking with a camera: whiteboard scanning and image enhancement},
  year      = {2004},
  volume    = {3},
  number    = {},
  pages     = {iii-533},
  doi       = {10.1109/ICASSP.2004.1326599}
}
@article{zhang:2007,
  author  = {He, Li-Wei and Zhang, Zhengyou},
  journal = {IEEE Transactions on Multimedia},
  title   = {Real-Time Whiteboard Capture and Processing Using a Video Camera for Remote Collaboration},
  year    = {2007},
  volume  = {9},
  number  = {1},
  pages   = {198-206},
  doi     = {10.1109/TMM.2006.886385}
}
@inproceedings{wienecke,
  author    = {Wienecke, M. and Fink, G.A. and Sagerer, G.},
  booktitle = {Seventh International Conference on Document Analysis and Recognition, 2003. Proceedings.},
  title     = {Towards automatic video-based whiteboard reading},
  year      = {2003},
  volume    = {},
  number    = {},
  pages     = {87-91 vol.1},
  doi       = {10.1109/ICDAR.2003.1227633}
}
@inproceedings{suh,
  title  = {Whiteboard Disclosure using Background Subtraction and Object Tracking},
  author = {Bongsoo Suh and Alex GonzaÃÅlez and Eun Soo Choi},
  year   = {2012}
}
@inproceedings{yeh,
  author    = {Yeh, Fu Hao and Lee, Greg C. and Chen, Ying Ju and Liao, Chien Hsing},
  booktitle = {2014 Tenth International Conference on Intelligent Information Hiding and Multimedia Signal Processing},
  title     = {Robust Handwriting Extraction and Lecture Video Summarization},
  year      = {2014},
  volume    = {},
  number    = {},
  pages     = {357-360},
  doi       = {10.1109/IIH-MSP.2014.95}
}
@inproceedings{davila:2017,
  author    = {Davila, Kenny and Zanibbi, Richard},
  booktitle = {2017 14th IAPR International Conference on Document Analysis and Recognition (ICDAR)},
  title     = {Whiteboard Video Summarization via Spatio-Temporal Conflict Minimization},
  year      = {2017},
  volume    = {01},
  number    = {},
  pages     = {355-362},
  doi       = {10.1109/ICDAR.2017.66}
}
@article{davila:2021,
  author  = {Davila, Kenny and Xu, Fei and Setlur, Srirangaraj and Govindaraju, Venu},
  journal = {IEEE Access},
  title   = {FCN-LectureNet: Extractive Summarization of Whiteboard and Chalkboard Lecture Videos},
  year    = {2021},
  volume  = {9},
  number  = {},
  pages   = {104469-104484},
  doi     = {10.1109/ACCESS.2021.3099427}
}
@book{hartley_zisserman_2004,
  place     = {Cambridge},
  edition   = {2},
  title     = {Multiple View Geometry in Computer Vision},
  doi       = {10.1017/CBO9780511811685},
  publisher = {Cambridge University Press},
  author    = {Hartley, Richard and Zisserman, Andrew},
  year      = {2004}
}
@article{Lowe_david_2004,
  author  = {Lowe, David},
  year    = {2004},
  month   = {11},
  pages   = {91-},
  title   = {Distinctive Image Features from Scale-Invariant Keypoints},
  volume  = {60},
  journal = {International Journal of Computer Vision},
  doi     = {10.1023/B:VISI.0000029664.99615.94}
}